<?xml version="1.0" encoding="UTF-8"?><collection xmlns="http://www.loc.gov/MARC21/slim"><record><leader>00490nam--2200169-i-4500</leader><controlfield tag="001">000010631</controlfield><controlfield tag="002">20161230</controlfield><controlfield tag="005">20170113183557</controlfield><controlfield tag="008">060222s1000------------r-----000-0-eng-d</controlfield><datafield ind1=" " ind2=" " tag="100"><subfield code="a">Baker, A. D</subfield></datafield><datafield ind1=" " ind2=" " tag="245"><subfield code="a">Photoelectron Spectroscopy. Chemical And Analytical Aspects</subfield></datafield><datafield ind1=" " ind2=" " tag="260"><subfield code="a">Oxford</subfield><subfield code="b">Pergamon Press</subfield><subfield code="c">1972</subfield></datafield><datafield ind1=" " ind2=" " tag="300"><subfield code="a">X + 180 p</subfield></datafield><datafield ind1=" " ind2=" " tag="490"><subfield code="a">International Series Of Monographs In Analytical Chemistry</subfield></datafield><datafield ind1=" " ind2=" " tag="700"><subfield code="a">Betteridge, D</subfield></datafield><datafield ind1=" " ind2=" " tag="852"><subfield code="a">543.42</subfield></datafield><datafield ind1=" " ind2=" " tag="CAT"><subfield code="a">SYS</subfield><subfield code="c">20170113</subfield><subfield code="h">183557</subfield></datafield></record></collection>